[gd_scene load_steps=10 format=2]

[ext_resource path="res://Assets/Plant Animations/Plant 7/Plant7_00007.png" type="Texture" id=1]
[ext_resource path="res://Assets/Plant Animations/Plant 7/Plant7_00001.png" type="Texture" id=2]
[ext_resource path="res://Assets/Plant Animations/Plant 7/Plant7_00006.png" type="Texture" id=3]
[ext_resource path="res://Assets/Plant Animations/Plant 7/Plant7_00002.png" type="Texture" id=4]
[ext_resource path="res://Assets/Plant Animations/Plant 7/Plant7_00004.png" type="Texture" id=5]
[ext_resource path="res://Assets/Plant Animations/Plant 7/Plant7_00005.png" type="Texture" id=6]
[ext_resource path="res://Assets/Plant Animations/Plant 7/Plant7_00008.png" type="Texture" id=7]
[ext_resource path="res://Assets/Plant Animations/Plant 7/Plant7_00003.png" type="Texture" id=8]

[sub_resource type="SpriteFrames" id=1]
animations = [ {
"frames": [ ExtResource( 2 ), ExtResource( 4 ), ExtResource( 8 ), ExtResource( 5 ), ExtResource( 6 ), ExtResource( 3 ), ExtResource( 1 ), ExtResource( 7 ), ExtResource( 1 ), ExtResource( 3 ), ExtResource( 6 ), ExtResource( 8 ), ExtResource( 5 ), ExtResource( 4 ) ],
"loop": true,
"name": "default",
"speed": 15.0
} ]

[node name="Marker" type="Node2D"]

[node name="AnimatedSprite" type="AnimatedSprite" parent="."]
position = Vector2( 264.75, 171.062 )
scale = Vector2( 0.21098, 0.21098 )
frames = SubResource( 1 )
frame = 10
playing = true
